@BOOK{selfish_gene,
    TITLE = {The Selfish Gene},
    SUBTITLE = {40th Anniversary Edition},
    AUTHOR = {Richard Dawkins},
    YEAR = {2016},
    PUBLISHER = {Oxford University Press},
}
@ARTICLE{evolution_of_cooperation,
    TITLE = {The Evolution of Cooperation},
    AUTHOR = {Robert Axelrod and William D. Hamilton},
    JOURNAL = {Science},
    VOLUME = {211},
    YEAR = {1981},
    PAGES = {1390-1396},
}
@ARTICLE{arithmetics_of_mutual_help,
    TITLE = {The Arithmetics of Mutual Help},
    AUTHOR = {Martin A. Nowak and Karl Sigmund and Robert M. May},
    JOURNAL = {Scientific American},
    VOLUME = {272},
    YEAR = {1995},
    PAGES = {76-86},
}
@ARTICLE{phelps_game_theoretic_analysis,
    TITLE = {An Empirical Game-Theoretic Analysis of the Dynamics of Cooperation in Small Groups},
    AUTHOR = {Steve Phelps},
    YEAR = {2016},
    JOURNAL = {Journal of Artificial Societies and Social Simulation}
}
@ARTICLE{five_rules_coop,
    TITLE = {Five Rules for the evolution of cooperation},
    AUTHOR = {Martin A. Nowak},
    JOURNAL = {Science},
    YEAR = {2006},
    VOLUME = {314},
}
@ARTICLE{spatial,
    TITLE = {Evolutionary games and spatial chaos},
    AUTHOR = {Martin A. Nowak and Robert M. May},
    JOURNAL = {Nature},
    VOLUME = {359},
    YEAR = {1992},
    PAGES = {826-829},
}
@ARTICLE{evol_graph,
    TITLE = {Evolutionary games on graphs},
    AUTHOR = {Gy{\"o}rgy Szab{\'o} and G{\'a}bor F{\'a}th},
    JOURNAL = {Physics Reports},
    VOLUME = {446},
    PAGES = {96-216},
    YEAR = {2007},
    NOTE = {Section: The structure of social graphs},
}
@ARTICLE{evol_indirect_image,
  TITLE = {Evolution of indirect reciprocity by image scoring},
  AUTHOR = {Martin A. Nowak and Karl Sigmund},
  JOURNAL = {Nature},
  VOLUME = {393},
  YEAR = {1998},
  PAGES = {573-577},
}
@ARTICLE{multilevel_nowak,
  TITLE = {Evolution of cooperation by multilevel selection},
  AUTHOR = {Arne Traulsen and Martin A. Nowak},
  JOURNAL = {Proceedings of the National Academy of Sciences of the United States of America},
  VOLUME = {103},
  YEAR = {2006},
  PAGES = {10952-10955},
}
@misc{axelrodproject,
  author       = { Vince Knight; Owen Campbell; Marc; eric-s-s; VSN Reddy Janga; James Campbell; Karol M. Langner; T.J. Gaffney; Sourav Singh; Nikoleta; Julie Rymer; Thomas Campbell; Jason Young; MHakem; Geraint Palmer; Kristian Glass; edouardArgenson; Daniel Mancia; Martin Jones; Cameron Davidson-Pilon; alajara; Ranjini Das; Marios Zoulias; Aaron Kratz; Timothy Standen; Paul Slavin; Adam Pohl; Jochen Müller; Georgios Koutsovoulos; Areeb Ahmed},
  title        = {Axelrod: 4.3.0},
  month        = sep,
  year         = 2018,
  doi          = {10.5281/zenodo.1405868},
  howpublished = {\url{http://dx.doi.org/10.5281/zenodo.1405868}}
}
@misc{kin_britannica,
  author = {The Editors of Encyclopaedia Britannica and Thinley Kalsan Bhutia and John P. Rafferty},
  title = {Kin Selection},
  howpublished = {\url{https://www.britannica.com/topic/kin-selection}},
  year = 2018,
  month = sep,
}
@misc{pyswip,
  author = {Yuce Tekol},
  title = {PySwip},
  howpublished = {\url{https://pypi.org/project/pyswip/}},
  year = {2018}
}
@misc{genetic_drift,
  title = {Definition of ``genetic drift'' - English Dictionary},
  howpublished = {\url{https://dictionary.cambridge.org/us/dictionary/english/genetic-drift}},
  year = 2018,
  note={Accessed: 27/11/2018}
}
@ARTICLE{gossip_alt,
  TITLE = {Gossip as an alternative for direct observation in games of indirect reciprocity},
  AUTHOR = {Ralf D. Sommerfeld and Hans-J{\"u}rgen Krambeck and Dirk Semmann and Manfred Milinski},
  JOURNAL = {Proceedings of the National Academy of Sciences of the United States of America},
  VOLUME = {104},
  YEAR = {2007},
  PAGES = {17435-17440}
}
@inbook{prosocs,
	title = "PROSOCS: a platform for programming software agents in computational logic",
	author = "Kostas Stathis and Kakas, {Antonis C.} and Wenjin Lu and Neophytos Demetriou, and Ulle Endriss and Andrea Bracciali",
	year = "2004",
	month = "4",
	pages = "523--528",
	editor = "J. Müller and P. Petta",
	booktitle = "Proceedings of the Fourth International Symposium ``From Agent Th eory to Agent Implementation'' (AT2AI-4 -- EMCSR'2004 Session M)"
}
@ARTICLE{mvfcec,
	TITLE = {Agent-oriented activity recognition in the event calculus: an application for diabetic patients},
	AUTHOR = {{\"O}zg{\"u}r Kafali and Alfonso E. Romero and Kostas Stathis},
	JOURNAL = {Computational Intelligence},
	VOLUME = {33},
	PAGES = {899-925},
	YEAR = {2017},
	MONTH = {August}
}
@ARTICLE{rationalcoop,
	TITLE = {Rational Cooperation in the Finitely Repeated Prisoners' Dilemma},
	AUTHOR = {David M. Kreps, Paul Milgrom, John Roberts and Robert Wilson},
	JOURNAL = {Journal of Economic Theory},
	VOLUME = {27},
	PAGES = {245-252},
	YEAR = {1982},
	MONTH = {July}
}
@ARTICLE{prisonersdilemma,
	TITLE = {Prisoner's and their dilemma},
	AUTHOR = {Menusch Khadjavi and Andreas Lange},
	JOURNAL = {Journal of Economic Behavior and Organisation},
	VOLUME = {92},
	PAGES ={163-175},
	YEAR = {2013},
	MONTH = {August}
}
@ARTICLE{sticklebacks,
	TITLE = {TIT FOR TAT in sticklebacks and the evolution of cooperation},
	AUTHOR = {M. Milinski},
	JOURNAL = {Nature},
	VOLUME = {325},
	PAGES = {433-435},
	YEAR = {1987},
	MONTH = {January}
}
@ARTICLE{heterogenous,
	TITLE = {Tit for tat in heterogenous populations},
	AUTHOR = {Martin A. Nowak and Karl Sigmund},
	JOURNAL = {Nature},
	VOLUME = {355},
	PAGES = {250-252},
	YEAR = {1992},
	MONTH = {January}
}
@ARTICLE{evoldirindir,
	TITLE = {Evolution of Direct and Indirect Reciprocity},
	AUTHOR = {Gilbert Roberts},
	JOURNAL = {Proceedings of The Royal Society},
	VOLUME = {275},
	PAGES = {173-179},
	YEAR = {2008},
	MONTH = {September}
}
@ARTICLE{extortion,
	TITLE = {Extortion and cooperation in the Prisoner's Dilemma},
	AUTHOR = {Alexander J. Stewart and Joshua B. Plotkin},
	JOURNAL = {Proceedings of the National Academy of Sciences of the United States of America},
	VOLUME = {109},
	PAGES = {10134-10135},
	YEAR = {2012},
	MONTH = {June}
}
@ARTICLE{kinhamilton,
	TITLE = {The Genetical Evolution of Social Behaviour},
	AUTHOR = {W. D. Hamilton},
	JOURNAL = {Journal of Theoretical Biology},
	VOLUME = {7},
	PAGES = {1-16},
	YEAR = {1964},
	MONTH = {July}
}
@ARTICLE{ethnicselection,
	TITLE = {Kin selection and ethnic group selection},
	AUTHOR = {Doug Jones},
	JOURNAL = {Evolution and Human Behavior},
	VOLUME = {39},
	PAGES = {9-18},
	YEAR = {2017},
	MONTH = {August}
}
@ARTICLE{leimarhammer,
	TITLE = {Evolution of cooperation through indirect reciprocity},
	AUTHOR = {Olof Leimar and Peter Hammerstein},
	JOURNAL = {Proceedings of The Royal Society},
	VOLUME = {268},
	PAGES = {745-753},
	YEAR = {2001},
	MONTH = {May}
}
@ARTICLE{imagevsstanding,
	TITLE = {Cooperation through indirect reciprocity: image scoring or standing strategy?},
	AUTHOR = {Manfred Milinski, Dirk Semmann, Theo C. M. Bakker and Hans-J{\"u}rgen Krambeck},
	JOURNAL = {Proceedings of The Royal Society},
	VOLUME = {268},
	PAGES = {2495-2501},
	YEAR = {2001},
	MONTH = {May}
}
@Article{nowak-1993a,
  author         = {Martin Nowak and Karl Sigmund},
  title          = {A strategy of win-stay, lose-shift that outperforms tit-for-tat in the Prisoner's Dilemma game},
  year           = {1993},
  volume         = {364},
  review-dates   = {2005-02-22},
  value          = {ca},
  month          = {July},
  pages          = {56--58},
  read-status    = {reviewed},
  journal        = {Nature},
  url            = {http://www.ped.fas.harvard.edu/pdf_files/Nature93.pdf},
  hardcopy       = {yes},
  key            = {nowak-1993a}
}
