@BOOK{selfish_gene,
    TITLE = {The Selfish Gene},
    SUBTITLE = {40th Anniversary Edition},
    AUTHOR = {Richard Dawkins},
    YEAR = {2016},
    PUBLISHER = {Oxford University Press},
}
@ARTICLE{evolution_of_cooperation,
    TITLE = {The Evolution of Cooperation},
    AUTHOR = {Robert Axelrod and William D. Hamilton},
    JOURNAL = {Science},
    VOLUME = {211},
    YEAR = {1981},
    PAGES = {1390-1396},
}
@ARTICLE{arithmetics_of_mutual_help,
    TITLE = {The Arithmetics of Mutual Help},
    AUTHOR = {Martin A. Nowak and Karl Sigmund and Robert M. May},
    JOURNAL = {Scientific American},
    VOLUME = {272},
    YEAR = {1995},
    PAGES = {76-86},
}
@ARTICLE{phelps_game_theoretic_analysis,
    TITLE = {An Empirical Game-Theoretic Analysis of the Dynamics of Cooperation in Small Groups},
    AUTHOR = {Steve Phelps},
    YEAR = {2016},
    JOURNAL = {Journal of Artificial Societies and Social Simulation}
}
@ARTICLE{five_rules_coop,
    TITLE = {Five Rules for the evolution of cooperation},
    AUTHOR = {Martin A. Nowak},
    JOURNAL = {Science},
    YEAR = {2006},
    VOLUME = {314},
}
@ARTICLE{spatial,
    TITLE = {Evolutionary games and spatial chaos},
    AUTHOR = {Martin A. Nowak and Robert M. May},
    JOURNAL = {Nature},
    VOLUME = {359},
    YEAR = {1992},
    PAGES = {826-829},
}
@ARTICLE{evol_graph,
    TITLE = {Evolutionary games on graphs},
    AUTHOR = {Gy{\"o}rgy Szab{\'o} and G{\'a}bor F{\'a}th},
    JOURNAL = {Physics Reports},
    VOLUME = {446},
    PAGES = {96-216},
    YEAR = {2007},
    NOTE = {Section: The structure of social graphs},
}
@ARTICLE{evol_indirect_image,
  TITLE = {Evolution of indirect reciprocity by image scoring},
  AUTHOR = {Martin A. Nowak and Karl Sigmund},
  JOURNAL = {Nature},
  VOLUME = {393},
  YEAR = {1998},
  PAGES = {573-577},
}
@ARTICLE{multilevel_nowak,
  TITLE = {Evolution of cooperation by multilevel selection},
  AUTHOR = {Arne Traulsen and Martin A. Nowak},
  JOURNAL = {Proceedings of the National Academy of Sciences of the United States of America},
  VOLUME = {103},
  YEAR = {2006},
  PAGES = {10952-10955},
}
@misc{axelrodproject,
  author       = { Vince Knight; Owen Campbell; Marc; eric-s-s; VSN Reddy Janga; James Campbell; Karol M. Langner; T.J. Gaffney; Sourav Singh; Nikoleta; Julie Rymer; Thomas Campbell; Jason Young; MHakem; Geraint Palmer; Kristian Glass; edouardArgenson; Daniel Mancia; Martin Jones; Cameron Davidson-Pilon; alajara; Ranjini Das; Marios Zoulias; Aaron Kratz; Timothy Standen; Paul Slavin; Adam Pohl; Jochen Müller; Georgios Koutsovoulos; Areeb Ahmed},
  title        = {Axelrod: 4.3.0},
  month        = sep,
  year         = 2018,
  doi          = {10.5281/zenodo.1405868},
  howpublished = {\url{http://dx.doi.org/10.5281/zenodo.1405868}}
}
@misc{kin_britannica,
  author = {The Editors of Encyclopaedia Britannica and Thinley Kalsan Bhutia and John P. Rafferty},
  title = {Kin Selection},
  howpublished = {\url{https://www.britannica.com/topic/kin-selection}},
  year = 2018,
  month = sep,
}
@misc{hoopoe,
  author = {The Photographers from Mpala Live \url{http://mpalalive.org/sponsors}},
  title = {Green Wood Hoopoe},
  howpublished = {\url{http://mpalalive.org/field_guide/green_woodhoopoe}},
  year = 2019,
  month = jan,
}
@misc{turtle,
  author = {Sea Turtle World},
  title = {Green Sea Turtle Cleaning Station},
  howpublished = {\url{https://www.seaturtle-world.com/green_sea_turtle_cleaning_station/green_sea_turtle_cleaning_station_600/}},
}
@misc{laymansipd,
  author = {Arjun Mani},
  title = {What is the prisoner's dilemma in layman's terms? What are its applications? What are it's applications?},
  howpublished = {\url{https://www.quora.com/What-is-the-prisoners-dilemma-in-laymans-terms-What-are-its-applications}},
  year = 2013,
  month = sep
}
@misc{pyswip,
  author = {Yuce Tekol},
  title = {PySwip},
  howpublished = {\url{https://pypi.org/project/pyswip/}},
  year = {2018}
}
@misc{genetic_drift,
  title = {Definition of ``genetic drift'' - English Dictionary},
  howpublished = {\url{https://dictionary.cambridge.org/us/dictionary/english/genetic-drift}},
  year = 2018,
  note={Accessed: 27/11/2018}
}
@misc{flask_tut,
  title = {The New and Improved Flask Mega Tutorial},
  howpublished = {\url{https://courses.miguelgrinberg.com/p/flask-mega-tutorial}},
  year = 2018,
  note={Accessed: 05/12/2018}
}
@misc{react_crash_course,
  title = {Learn React - React Crash Course 2018 - React Tutorial with Examples | Mosh},
  howpublished = {\url{https://www.youtube.com/watch?v=Ke90Tje7VS0}},
  year = 2018,
  note={Accessed: 05/12/2018}
}
@misc{swi_web_tut,
  title = {Tutorial - Creating Web Applications in SWI-Prolog},
  howpublished = {\url{http://www.pathwayslms.com/swipltuts/html/index.html}},
  year = 2018,
  note={Accessed: 05/12/2018}
}
@misc{rest_api,
  title = {What is REST},
  howpublished = {\url{https://restfulapi.net/}},
  year = 2018,
  note={Accessed: 05/12/2018}
}
@misc{optimisation_problems,
  title = {Optimisation Problems},
  author = {Pascal Francq},
  howpublished = {\url{http://www.otlet-institute.org/wikics/Optimization_Problems.html}},
  year = 2011,
  note={Accessed: 04/01/2019}
}
@misc{genetic_algorithms,
  title = {Genetic Algorithms},
  author = {Pascal Francq},
  howpublished = {\url{http://www.otlet-institute.org/wikics/Genetic_Algorithms.html}},
  year = 2011,
  note={Accessed: 04/01/2019}
}
@misc{uft,
  title = {Unified Functional Testing},
  howpublished = {\url{https://www.microfocus.com/en-us/products/unified-functional-automated-testing/overview}},
  year = 2019,
  note={Accessed: 04/01/2019}
}
@misc{selenium,
  title = {Selenium - Web Browser Automation},
  howpublished = {\url{https://www.seleniumhq.org/}},
  year = 2018,
  note={Accessed: 04/01/2019}
}
@misc{software_testing_help,
  title = {Web Application Testing Complete Guide (How to Test a Website)},
  howpublished = {\url{https://www.softwaretestinghelp.com/web-application-testing/}},
  year = 2018,
  note={Accessed: 04/01/2019}
}
@misc{guru99_testing,
  title = {Web Application Testing: 8 Step Guide to Website Testing},
  howpublished = {\url{https://www.guru99.com/web-application-testing.html}},
  year = 2018,
  note={Accessed: 04/01/2019}
}
@misc{tutorials_point_testing,
  title = {Web Application Testing},
  howpublished = {\url{http://www.tutorialspoint.com/software_testing_dictionary/web_application_testing.html}},
  year = 2018,
  note={Accessed: 04/01/2019}
}
@misc{web_app_performance_testing,
  title = {Web Application Performance Testing: Processes and Tips},
  author = {Erik Dietrich},
  howpublished = {\url{https://stackify.com/fundamentals-web-application-performance-testing/}},
  year = 2017,
  note={Accessed: 05/01/2019}
}
@ARTICLE{gossip_alt,
  TITLE = {Gossip as an alternative for direct observation in games of indirect reciprocity},
  AUTHOR = {Ralf D. Sommerfeld and Hans-J{\"u}rgen Krambeck and Dirk Semmann and Manfred Milinski},
  JOURNAL = {Proceedings of the National Academy of Sciences of the United States of America},
  VOLUME = {104},
  YEAR = {2007},
  PAGES = {17435-17440}
}
@inbook{prosocs,
	title = "PROSOCS: a platform for programming software agents in computational logic",
	author = "Kostas Stathis and Kakas, {Antonis C.} and Wenjin Lu and Neophytos Demetriou, and Ulle Endriss and Andrea Bracciali",
	year = "2004",
	month = "4",
	pages = "523--528",
	editor = "J. Müller and P. Petta",
	booktitle = "Proceedings of the Fourth International Symposium ``From Agent Th eory to Agent Implementation'' (AT2AI-4 -- EMCSR'2004 Session M)"
}
@ARTICLE{mvfcec,
	TITLE = {Agent-oriented activity recognition in the event calculus: an application for diabetic patients},
	AUTHOR = {{\"O}zg{\"u}r Kafali and Alfonso E. Romero and Kostas Stathis},
	JOURNAL = {Computational Intelligence},
	VOLUME = {33},
	PAGES = {899-925},
	YEAR = {2017},
	MONTH = {August}
}
@ARTICLE{rationalcoop,
	TITLE = {Rational Cooperation in the Finitely Repeated Prisoners' Dilemma},
	AUTHOR = {David M. Kreps, Paul Milgrom, John Roberts and Robert Wilson},
	JOURNAL = {Journal of Economic Theory},
	VOLUME = {27},
	PAGES = {245-252},
	YEAR = {1982},
	MONTH = {July}
}
@ARTICLE{prisonersdilemma,
	TITLE = {Prisoner's and their dilemma},
	AUTHOR = {Menusch Khadjavi and Andreas Lange},
	JOURNAL = {Journal of Economic Behavior and Organisation},
	VOLUME = {92},
	PAGES ={163-175},
	YEAR = {2013},
	MONTH = {August}
}
@ARTICLE{sticklebacks,
	TITLE = {TIT FOR TAT in sticklebacks and the evolution of cooperation},
	AUTHOR = {M. Milinski},
	JOURNAL = {Nature},
	VOLUME = {325},
	PAGES = {433-435},
	YEAR = {1987},
	MONTH = {January}
}
@ARTICLE{heterogenous,
	TITLE = {Tit for tat in heterogenous populations},
	AUTHOR = {Martin A. Nowak and Karl Sigmund},
	JOURNAL = {Nature},
	VOLUME = {355},
	PAGES = {250-252},
	YEAR = {1992},
	MONTH = {January}
}
@ARTICLE{evoldirindir,
	TITLE = {Evolution of Direct and Indirect Reciprocity},
	AUTHOR = {Gilbert Roberts},
	JOURNAL = {Proceedings of The Royal Society},
	VOLUME = {275},
	PAGES = {173-179},
	YEAR = {2008},
	MONTH = {September}
}
@ARTICLE{extortion,
	TITLE = {Extortion and cooperation in the Prisoner's Dilemma},
	AUTHOR = {Alexander J. Stewart and Joshua B. Plotkin},
	JOURNAL = {Proceedings of the National Academy of Sciences of the United States of America},
	VOLUME = {109},
	PAGES = {10134-10135},
	YEAR = {2012},
	MONTH = {June}
}
@ARTICLE{kinhamilton,
	TITLE = {The Genetical Evolution of Social Behaviour},
	AUTHOR = {W. D. Hamilton},
	JOURNAL = {Journal of Theoretical Biology},
	VOLUME = {7},
	PAGES = {1-16},
	YEAR = {1964},
	MONTH = {July}
}
@ARTICLE{ethnicselection,
	TITLE = {Kin selection and ethnic group selection},
	AUTHOR = {Doug Jones},
	JOURNAL = {Evolution and Human Behavior},
	VOLUME = {39},
	PAGES = {9-18},
	YEAR = {2017},
	MONTH = {August}
}
@ARTICLE{leimarhammer,
	TITLE = {Evolution of cooperation through indirect reciprocity},
	AUTHOR = {Olof Leimar and Peter Hammerstein},
	JOURNAL = {Proceedings of The Royal Society},
	VOLUME = {268},
	PAGES = {745-753},
	YEAR = {2001},
	MONTH = {May}
}
@ARTICLE{imagevsstanding,
	TITLE = {Cooperation through indirect reciprocity: image scoring or standing strategy?},
	AUTHOR = {Manfred Milinski, Dirk Semmann, Theo C. M. Bakker and Hans-J{\"u}rgen Krambeck},
	JOURNAL = {Proceedings of The Royal Society},
	VOLUME = {268},
	PAGES = {2495-2501},
	YEAR = {2001},
	MONTH = {May}
}
@Article{nowak-1993a,
  author         = {Martin Nowak and Karl Sigmund},
  title          = {A strategy of win-stay, lose-shift that outperforms tit-for-tat in the Prisoner's Dilemma game},
  year           = {1993},
  volume         = {364},
  review-dates   = {2005-02-22},
  value          = {ca},
  month          = {July},
  pages          = {56--58},
  read-status    = {reviewed},
  journal        = {Nature},
  url            = {http://www.ped.fas.harvard.edu/pdf_files/Nature93.pdf},
  hardcopy       = {yes},
  key            = {nowak-1993a}
}
@article{wooldridge_jennings_1995,
	 title={Intelligent agents: theory and practice}, 
	 volume={10},
	 DOI={10.1017/S0269888900008122},
	 number={2},
	 journal={The Knowledge Engineering Review},
	 publisher={Cambridge University Press},
	 author={Wooldridge, Michael and Jennings, Nicholas R.},
	 year={1995},
	 pages={115-152}
}
@inproceedings{shoham1991agent0,
  title={AGENT0: A Simple Agent Language and Its Interpreter.},
  author={Shoham, Yoav},
  booktitle={AAAI},
  volume={91},
  pages={704},
  year={1991}
}
@misc{kostas_deductive,
  author        = {Professor Kostas Stathis},
  title         = {Lecture notes in Intelligent Agents and Multi-Agent Systems},
  month         = {November},
  year          = {2018},
  publisher={Royal Holloway, University of London}
}
@book{russell2016artificial,
  title={Artificial intelligence: a modern approach},
  author={Russell, Stuart J and Norvig, Peter},
  year={2016},
  publisher={Malaysia; Pearson Education Limited,}
}
@incollection{kowalski1989logic,
  title={A logic-based calculus of events},
  author={Kowalski, Robert and Sergot, Marek},
  booktitle={Foundations of knowledge base management},
  pages={23--55},
  year={1989},
  publisher={Springer}
}
@book{kropotkin1902mutual,
  title={Mutual aid: A Factor of Evolution},
  author={Kropotkin, Peter},
  year={1902}
}
@misc{bbcafrica,
    title={Africa},
    year=2013,
    note={BBC television series created by the BBC Natural History Unit}
}
@article{spencer1864principles,
  title={The Principles of Biology (2 vols) London: Williams and Norgate},
  author={Spencer, Herbert},
  journal={Google Scholar},
  year={1864}
}
@inproceedings{Mui:2002:NRM:544741.544807,
 author = {Mui, Lik and Mohtashemi, Mojdeh and Halberstadt, Ari},
 title = {Notions of Reputation in Multi-agents Systems: A Review},
 booktitle = {Proceedings of the First International Joint Conference on Autonomous Agents and Multiagent Systems: Part 1},
 series = {AAMAS '02},
 year = {2002},
 isbn = {1-58113-480-0},
 location = {Bologna, Italy},
 pages = {280--287},
 numpages = {8},
 url = {http://doi.acm.org/10.1145/544741.544807},
 doi = {10.1145/544741.544807},
 acmid = {544807},
 publisher = {ACM},
 address = {New York, NY, USA},
 keywords = {agent modeling, cooperation, multi-agents systems, reputation}
} 
@article{harper2017reinforcement,
  title={Reinforcement learning produces dominant strategies for the Iterated Prisoner’s Dilemma},
  author={Harper, Marc and Knight, Vincent and Jones, Martin and Koutsovoulos, Georgios and Glynatsi, Nikoleta E and Campbell, Owen},
  journal={PloS one},
  volume={12},
  number={12},
  pages={e0188046},
  year={2017},
  publisher={Public Library of Science}
}
@inproceedings{whitley1989genitor,
  title={The GENITOR Algorithm and Selection Pressure: Why Rank-Based Allocation of Reproductive Trials is Best.},
  author={Whitley, L Darrell and others},
  booktitle={ICGA},
  volume={89},
  pages={116--123},
  year={1989},
  organization={Fairfax, VA}
}
@article{lipowski2012roulette,
  title={Roulette-wheel selection via stochastic acceptance},
  author={Lipowski, Adam and Lipowska, Dorota},
  journal={Physica A: Statistical Mechanics and its Applications},
  volume={391},
  number={6},
  pages={2193--2196},
  year={2012},
  publisher={Elsevier}
}
@article{machinery1950computing,
  title={Computing machinery and intelligence-AM Turing},
  author={Machinery, Computing},
  journal={Mind},
  volume={59},
  number={236},
  pages={433},
  year={1950}
}
@misc{evol_trust,
  title={The Evolution of Trust},
  author={Nicky Case},
  year={2017},
  howpublished={\url{https://ncase.me/trust/}},
  note={Accessed: 11/2/2019}
}
@misc{darpaxai,
	title={Explainable Artificial Intelligence},
	author={Mr. David Gunning},
	year={2018},
	howpublished={\url{https://www.darpa.mil/program/explainable-artificial-intelligence}},
	note={Accessed: 8/3/2019}
}
@article{trivers1971evolution,
  title={The evolution of reciprocal altruism},
  author={Trivers, Robert L},
  journal={The Quarterly review of biology},
  volume={46},
  number={1},
  pages={35--57},
  year={1971},
  publisher={Stony Brook Foundation, Inc.}
}
@article{alexander1987biology,
  title={The biology of moral systems (foundations of human behavior)},
  author={Alexander, Richard},
  year={1987},
  publisher={Aldine Transaction}
}
@book{sugden2004economics,
  title={The economics of rights, co-operation and welfare},
  author={Sugden, Robert and others},
  publisher={Springer}
}
@phdthesis{mui2002computational,
  title={Computational models of trust and reputation: Agents, evolutionary games, and social networks},
  author={Mui, Lik},
  year={2002},
  school={Massachusetts Institute of Technology}
}
@article{baumeister2004gossip,
  title={Gossip as cultural learning.},
  author={Baumeister, Roy F and Zhang, Liqing and Vohs, Kathleen D},
  journal={Review of general psychology},
  volume={8},
  number={2},
  pages={111},
  year={2004},
  publisher={Educational Publishing Foundation}
}
@book{nowak2006evolutionary,
  title={Evolutionary dynamics},
  author={Nowak, Martin A},
  year={2006},
  publisher={Harvard University Press}
}
@article{thomas1993placa,
  title={PLACA, an agent oriented programming language},
  author={Thomas, Sarah Rebecca},
  year={1993},
  publisher={Stanford University}
}
@inproceedings{rao1995bdi,
  title={BDI agents: from theory to practice.},
  author={Rao, Anand S and Georgeff, Michael P and others},
  booktitle={ICMAS},
  volume={95},
  pages={312--319},
  year={1995}
}
@inproceedings{rao1996agentspeak,
  title={AgentSpeak (L): BDI agents speak out in a logical computable language},
  author={Rao, Anand S},
  booktitle={European workshop on modelling autonomous agents in a multi-agent world},
  pages={42--55},
  year={1996},
  organization={Springer}
}
@inproceedings{finin1994kqml,
  title={KQML as an agent communication language},
  author={Finin, Tim and Fritzson, Richard and McKay, Don and McEntire, Robin},
  booktitle={Proceedings of the third international conference on Information and knowledge management},
  pages={456--463},
  year={1994},
  organization={ACM}
}
@article{shoham1993agent,
  title={Agent-oriented programming},
  author={Shoham, Yoav},
  journal={Artificial intelligence},
  volume={60},
  number={1},
  pages={51--92},
  year={1993},
  publisher={Elsevier}
}
@article{o1998fipa,
  title={FIPA—towards a standard for software agents},
  author={O'Brien, Paul D and Nicol, Richard C},
  journal={BT Technology Journal},
  volume={16},
  number={3},
  pages={51--59},
  year={1998},
  publisher={Springer}
}
@article{singh1998agent,
  title={Agent communication languages: Rethinking the principles},
  author={Singh, Munindar P},
  journal={Computer},
  volume={31},
  number={12},
  pages={40--47},
  year={1998},
  publisher={IEEE}
}
@article{wooldridge2000gaia,
  title={The Gaia methodology for agent-oriented analysis and design},
  author={Wooldridge, Michael and Jennings, Nicholas R and Kinny, David},
  journal={Autonomous Agents and multi-agent systems},
  volume={3},
  number={3},
  pages={285--312},
  year={2000},
  publisher={Springer}
}
@book{wooldridge2009introduction,
  title={An introduction to multiagent systems},
  author={Wooldridge, Michael},
  year={2009},
  publisher={John Wiley \& Sons}
}
@book{mitchell1998introduction,
  title={An introduction to genetic algorithms},
  author={Mitchell, Melanie},
  year={1998},
  publisher={MIT press}
}
@inproceedings{franklin1996agent,
  title={Is it an Agent, or just a Program?: A Taxonomy for Autonomous Agents},
  author={Franklin, Stan and Graesser, Art},
  booktitle={International Workshop on Agent Theories, Architectures, and Languages},
  pages={21--35},
  year={1996},
  organization={Springer}
}
@book{bratman1987intention,
  title={Intention, plans, and practical reason},
  author={Bratman, Michael},
  volume={10},
  year={1987},
  publisher={Harvard University Press Cambridge, MA}
}
@article{artikis2009specifying,
  title={Specifying norm-governed computational societies},
  author={Artikis, Alexander and Sergot, Marek and Pitt, Jeremy},
  journal={ACM Transactions on Computational Logic (TOCL)},
  volume={10},
  number={1},
  pages={1},
  year={2009},
  publisher={ACM}
}
@article{alphago,
	title={Alphago zero: Learning from scratch},
	author={Hassabis, Demis and Silver David},
	journal={deepMind official website},
	volume={18},
	year={2017}
}
@article{glaucoma,
	title={Machine Learning Models Based on the Dimensionality Reduction of Standard Automated Perimetry Data for Glaucoma Diagnosis},
	author={Su-Dong Lee and Ji-Hyung Lee and Young-Geun Choi and Hee-Cheon You and Ja-Heon Kang and Chi-Hyuck Jun},
	journal={Artificial Intelligence in Medicine},
	volume={18},
	year={2019}
}
@article{silverman2015systems,
  title={A systems approach to healthcare: agent-based modeling, community mental health, and population well-being},
  author={Silverman, Barry G and Hanrahan, Nancy and Bharathy, Gnana and Gordon, Kim and Johnson, Dan},
  journal={Artificial intelligence in medicine},
  volume={63},
  number={2},
  pages={61--71},
  year={2015},
  publisher={Elsevier}
}
@article{nilsson1993teleo,
  title={Teleo-reactive programs for agent control},
  author={Nilsson, Nils},
  journal={Journal of artificial intelligence research},
  volume={1},
  pages={139--158},
  year={1993}
}
@article{brockman2016openai,
  title={Openai gym},
  author={Brockman, Greg and Cheung, Vicki and Pettersson, Ludwig and Schneider, Jonas and Schulman, John and Tang, Jie and Zaremba, Wojciech},
  journal={arXiv preprint arXiv:1606.01540},
  year={2016}
}
@book{myerson2013game,
  title={Game theory},
  author={Myerson, Roger B},
  year={2013},
  publisher={Harvard university press}
}
@inproceedings{hindriks2000agent,
  title={Agent programming with declarative goals},
  author={Hindriks, Koen V and De Boer, Frank S and Van Der Hoek, Wiebe and Meyer, John-Jules Ch},
  booktitle={International Workshop on Agent Theories, Architectures, and Languages},
  pages={228--243},
  year={2000},
  organization={Springer}
}
@inproceedings{rodriguez2014sarl,
  title={SARL: a general-purpose agent-oriented programming language},
  author={Rodriguez, Sebastian and Gaud, Nicolas and Galland, St{\'e}phane},
  booktitle={2014 IEEE/WIC/ACM International Joint Conferences on Web Intelligence (WI) and Intelligent Agent Technologies (IAT)},
  volume={3},
  pages={103--110},
  year={2014},
  organization={IEEE}
}
@article{hindriks1999agent,
  title={Agent programming in 3APL},
  author={Hindriks, Koen V and De Boer, Frank S and Van der Hoek, Wiebe and Meyer, John-Jules Ch},
  journal={Autonomous Agents and Multi-Agent Systems},
  volume={2},
  number={4},
  pages={357--401},
  year={1999},
  publisher={Springer}
}
@article{brooks1991intelligence,
  title={Intelligence without representation},
  author={Brooks, Rodney A},
  journal={Artificial intelligence},
  volume={47},
  number={1-3},
  pages={139--159},
  year={1991},
  publisher={Elsevier}
}
@book{austin1975things,
  title={How to do things with words},
  author={Austin, John Langshaw},
  year={1975},
  publisher={Oxford university press}
}
@book{searle1969speech,
  title={Speech acts: An essay in the philosophy of language},
  author={Searle, John R and Searle, John Rogers},
  volume={626},
  year={1969},
  publisher={Cambridge university press}
}
@article{jennings2000agent,
  title={On agent-based software engineering},
  author={Jennings, Nicholas R},
  journal={Artificial intelligence},
  volume={117},
  number={2},
  pages={277--296},
  year={2000},
  publisher={Elsevier}
}
@article{Maes:1991:ANA:122344.122367,
 author = {Maes, Pattie},
 title = {The Agent Network Architecture (ANA)},
 journal = {SIGART Bull.},
 issue_date = {Aug. 1991},
 volume = {2},
 number = {4},
 month = jul,
 year = {1991},
 issn = {0163-5719},
 pages = {115--120},
 numpages = {6},
 url = {http://doi.acm.org/10.1145/122344.122367},
 doi = {10.1145/122344.122367},
 acmid = {122367},
 publisher = {ACM},
 address = {New York, NY, USA}
} 
@article{ketchpel1994software,
  title={Software agents},
  author={Ketchpel, Steven P and Genesereth, M},
  journal={Communications of the ACM},
  volume={37},
  number={7},
  pages={48--53},
  year={1994}
}
@article{garnelo2016towards,
  title={Towards deep symbolic reinforcement learning},
  author={Garnelo, Marta and Arulkumaran, Kai and Shanahan, Murray},
  journal={arXiv preprint arXiv:1609.05518},
  year={2016}
}
@inproceedings{fisher1993concurrent,
  title={Concurrent metatem—A language for modelling reactive systems},
  author={Fisher, Michael},
  booktitle={International Conference on Parallel Architectures and Languages Europe},
  pages={185--196},
  year={1993},
  organization={Springer}
}
@inproceedings{georgeff1987reactive,
  title={Reactive reasoning and planning.},
  author={Georgeff, Michael P and Lansky, Amy L},
  booktitle={AAAI},
  volume={87},
  pages={677--682},
  year={1987}
}
@book{rapoport1965prisoner,
  title={Prisoner's dilemma: A study in conflict and cooperation},
  author={Rapoport, Anatol and Chammah, Albert M and Orwant, Carol J},
  volume={165},
  year={1965},
  publisher={University of Michigan press}
}